%%% ====================================================================
%%%  BibTeX-file{
%%%     author          = "Gerry Murray",
%%%     version         = "1.2",
%%%     date            = "2 April 2012",
%%%     filename        = "acmsmall-sample-bibfile.bib",
%%%     address         = "ACM, NY",
%%%     email           = "murray at hq.acm.org",
%%%     codetable       = "ISO/ASCII",
%%%     keywords        = "ACM Reference Format, bibliography, citation, references",
%%%     supported       = "yes",
%%%     docstring       = "This BibTeX database file contains 'bibdata' entries
%%%                        that 'match' the examples provided in the Specifications Document
%%%                        AND, also, 'legacy'-type bibs. It should assist authors in 
%%%                        choosing the 'correct' at-bibtype and necessary bib-fields
%%%                        so as to obtain the appropriate ACM Reference Format output. 
%%%			   It also contains many 'Standard Abbreviations'. "
%%%  }
%%% ====================================================================

% Journals

% First the Full Name is given, then the abbreviation used in the AMS Math


%Entries
@inproceedings{sculley2010web,
  title={Web-scale k-means clustering},
  author={Sculley, David},
  booktitle={Proceedings of the 19th international conference on World wide web},
  pages={1177--1178},
  year={2010},
  organization={ACM}
}
@misc{wiki:Haversine_formula,
   author = "Wikipedia",
   title = "{Haversine formula} --- {W}ikipedia{,} The Free Encyclopedia",
   year = "2017",
   howpublished = {\url{http://en.wikipedia.org/w/index.php?title=Haversine\%20formula&oldid=808434865}},
   note = "[Online; accessed 08-December-2017]"
 }

@misc{wiki:Taxicab_geometry,
   author = "Wikipedia",
   title = "{Taxicab geometry} --- {W}ikipedia{,} The Free Encyclopedia",
   year = "2017",
   howpublished = {\url{http://en.wikipedia.org/w/index.php?title=Taxicab\%20geometry&oldid=802378308}},
   note = "[Online; accessed 08-December-2017]"
 }

@article{scripts2013calculate,
  title={Calculate distance, bearing and more between Latitude/Longitude points},
  author={Scripts, Movable Type},
  journal={URl: http://www. movable-type. co. uk/scripts/latlong. html},
  year={2013}
}

@article{antoniades2016fare,
  title={Fare and Duration Prediction: A Study of New York City Taxi Rides},
  author={Antoniades, Christophoros and Fadavi, Delara and Amon Jr, Antoine Foba},
  year={2016}
}


@inproceedings{lee2015taxi,
  title={Taxi time prediction at Charlotte Airport using fast-time simulation and machine learning techniques},
  author={Lee, Hanbong and Malik, Waqar and Zhang, Bo and Nagarajan, Balaji and Jung, Yoon C},
  booktitle={15th AIAA Aviation Technology, Integration, and Operation (ATIO) Conference, Dallas, TX},
  year={2015}
}


@article{laha2017travel,
  title={Travel Time Prediction for GPS Taxi Data Streams},
  author={Laha, Arnab Kumar and Putatunda, Sayan},
  year={2017}
}


@article{weber_2015, 
    title={Google Tag Manager and Google Analytics APIs},              DOI={10.1007/978-1-4842-0265-4_16}, 
journal={Practical Google Analytics and Google Tag  Manager for Developers}, 
author={Weber, Jonathan}, 
year={2015}, 
pages={257â€“263}} 

@inproceedings{chen2016xgboost,
  title={Xgboost: A scalable tree boosting system},
  author={Chen, Tianqi and Guestrin, Carlos},
  booktitle={Proceedings of the 22nd acm sigkdd international conference on knowledge discovery and data mining},
  pages={785--794},
  year={2016},
  organization={ACM}
}


@article{huber2016osrmtime,
  title={osrmtime: Calculate travel time and distance with openstreetmap data using the open source routing machine (OSRM)},
  author={Huber, Stephan and Rust, Christoph},
  year={2016}
}
@article{azur2011multiple,
  title={Multiple imputation by chained equations: what is it and how does it work?},
  author={Azur, Melissa J and Stuart, Elizabeth A and Frangakis, Constantine and Leaf, Philip J},
  journal={International journal of methods in psychiatric research},
  volume={20},
  number={1},
  pages={40--49},
  year={2011},
  publisher={Wiley Online Library}
}
